<record><leader>00000cas a2200000 a 4500</leader><controlfield tag="001">11310620</controlfield><controlfield tag="008">841025d18821883coudr ne      0    0eng d</controlfield><datafield ind1=" " ind2=" " tag="010"><subfield code="a">sn 86063183 </subfield></datafield><datafield ind1=" " ind2=" " tag="040"><subfield code="a">COG</subfield><subfield code="b">eng</subfield><subfield code="c">COG</subfield><subfield code="d">NPT</subfield><subfield code="d">CNQ</subfield><subfield code="d">OCL</subfield><subfield code="d">OCLCQ</subfield></datafield><datafield ind1=" " ind2=" " tag="042"><subfield code="a">msc</subfield></datafield><datafield ind1="0" ind2="0" tag="245"><subfield code="a">Gunnison daily review-press.</subfield></datafield><datafield ind1="1" ind2="3" tag="246"><subfield code="a">Daily review press</subfield></datafield><datafield ind1=" " ind2=" " tag="260"><subfield code="a">Gunnison, Colo. :</subfield><subfield code="b">Review-Press Print. Co.,</subfield><subfield code="c">1882-1883.</subfield></datafield><datafield ind1=" " ind2=" " tag="300"><subfield code="a">v.</subfield></datafield><datafield ind1=" " ind2=" " tag="310"><subfield code="a">Daily (except Sun.)</subfield></datafield><datafield ind1="0" ind2=" " tag="362"><subfield code="a">Old ser., v. 2, no. 54 (Aug. 1, 1882)-v. 2, no. 320 (Aug. 17, 1883) = new ser., v. 1, no. 1-v. 1, no. 272.</subfield></datafield><datafield ind1=" " ind2=" " tag="515"><subfield code="a">Saturday issues have their oun numbering.</subfield></datafield><datafield ind1=" " ind2=" " tag="530"><subfield code="a">Available on microfilm from the Colorado Historical Society.</subfield></datafield><datafield ind1=" " ind2=" " tag="580"><subfield code="a">Issued also in a weekly edition.</subfield></datafield><datafield ind1=" " ind2=" " tag="752"><subfield code="a">United States</subfield><subfield code="b">Colorado</subfield><subfield code="c">Gunnison</subfield><subfield code="d">Gunnison.</subfield></datafield><datafield ind1="1" ind2=" " tag="775"><subfield code="t">Gunnison review-press (Gunnison, Colo. : Weekly)</subfield><subfield code="w">(DLC)sn 86063370</subfield></datafield><datafield ind1="0" ind2="4" tag="780"><subfield code="t">Gunnison daily review</subfield><subfield code="w">(DLC)sn 86063182</subfield></datafield><datafield ind1="0" ind2="4" tag="780"><subfield code="t">Free press (Gunnison, Colo.)</subfield><subfield code="w">(DLC)sn 86063177</subfield></datafield><datafield ind1="0" ind2="0" tag="785"><subfield code="t">Gunnison review-press (Gunnison, Colo. : 1883)</subfield><subfield code="w">(DLC)sn 86063185</subfield></datafield></record>